@article{JD:11,
	Author = {John Doe},
	Journal = {The Economic Journal},
	Month = {},
	Number = {2},
	Title = {An Economic Essay},
	Volume = {7},
	Year = {2011},
	Pages = {466-501}
}